@article{berry1994estimating,
  title={Estimating Discrete-Choice Models of Product Differentiation},
  author={Berry, Steven T.},
  journal={The RAND Journal of Economics},
  volume={25},
  number={2},
  pages={242--262},
  year={1994},
  publisher={RAND Corporation}
}

@article{berry1995automobile,
  title={Automobile Prices in Market Equilibrium},
  author={Berry, Steven and Levinsohn, James and Pakes, Ariel},
  journal={Econometrica},
  volume={63},
  number={4},
  pages={841--890},
  year={1995},
  publisher={Econometric Society}
}

@incollection{berry2021foundations,
  title={Foundations of Demand Estimation},
  author={Berry, Steven T. and Haile, Philip A.},
  booktitle={Handbook of Industrial Organization},
  editor={Ho, Kate and Horta{\c{c}}su, Ali and Lizzeri, Alessandro},
  volume={4},
  number={1},
  pages={1--62},
  year={2021},
  publisher={Elsevier},
  isbn={9780323915137},
  issn={1573-448X},
  doi={10.1016/bs.hesind.2021.11.001},
  url={https://www.sciencedirect.com/science/article/pii/S1573448X21000017}
}

@article{conlon2021diversion,
  title={Empirical Properties of Diversion Ratios},
  author={Conlon, Christopher and Mortimer, Julie Holland},
  journal={The RAND Journal of Economics},
  volume={52},
  number={4},
  pages={693--726},
  year={2021},
  publisher={JSTOR},
  url={http://www.jstor.org/stable/45420136}
}

@article{conlon2020pyblp,
  title={Best Practices for Differentiated Products Demand Estimation with {PyBLP}},
  author={Conlon, Christopher and Gortmaker, Jeff},
  journal={The RAND Journal of Economics},
  volume={51},
  pages={1108--1161},
  year={2020},
  doi={10.1111/1756-2171.12352}
}
